@misc{ruscorpora,
	etitle   = {Национальный корпус русского языка},
	url      = {\url{https://ruscorpora.ru}},
    accessed = {01.03.2024},
}

@inbook{cl,
   bookauthor = {В.П. Захаров and С.Ю. Богданова},
   note = {Корпусная лингвистика: Учебник для студентов направления <<Лингвистика>>. 2-е изд., перераб. и дополн., -- СПб.: СПбГУ. РИО. Филологический факультет, 2013. -- 148 с.},
   isbn = {978-5-88267-316-0},
   language = {russian},
}

@misc{opencorpora,
	etitle   = {OpenCorpora --- открытый корпус},
	url      = {\url{https://opencorpora.org}},
    accessed = {25.03.2024},
}

@misc{postnauka,
	etitle   = {Параллельные корпусы текстов},
	url      = {\url{https://postnauka.org/video/54851}},
    accessed = {25.03.2024},
}

@article{realphong,
  author={Bui Tuong Phong},
  title={Illumination for computer generated pictures},
  year={1975},
  journal={Communications of the ACM},
  volume={18},
  pages={311 - 317},
  doi={10.1145/360825.360839},
}
